<record><leader>00000cas a2200000   4500</leader><controlfield tag="001">5133207</controlfield><controlfield tag="008">790703d196719uuiluwr ne      0   a0eng c</controlfield><datafield ind1=" " ind2=" " tag="010"><subfield code="a">sn 79000606 </subfield></datafield><datafield ind1=" " ind2=" " tag="040"><subfield code="a">NSD</subfield><subfield code="b">eng</subfield><subfield code="c">NSD</subfield><subfield code="d">NVF</subfield><subfield code="d">NSD</subfield><subfield code="d">CVF</subfield><subfield code="d">OCL</subfield><subfield code="d">OCLCQ</subfield><subfield code="d">OCLCF</subfield><subfield code="d">NVF</subfield><subfield code="d">OCLCO</subfield></datafield><datafield ind1=" " ind2=" " tag="012"><subfield code="k">1</subfield><subfield code="m">1</subfield></datafield><datafield ind1="1" ind2=" " tag="022"><subfield code="a">0194-9381</subfield><subfield code="l">0194-9381</subfield><subfield code="2">1</subfield></datafield><datafield ind1="1" ind2=" " tag="029"><subfield code="a">AU@</subfield><subfield code="b">000025790178</subfield></datafield><datafield ind1=" " ind2=" " tag="032"><subfield code="a">483190</subfield><subfield code="b">USPS</subfield></datafield><datafield ind1=" " ind2=" " tag="042"><subfield code="a">nsdp</subfield><subfield code="a">pcc</subfield></datafield><datafield ind1=" " ind2="0" tag="222"><subfield code="a">Morton Grove life</subfield></datafield><datafield ind1="0" ind2="0" tag="245"><subfield code="a">Morton Grove life.</subfield></datafield><datafield ind1=" " ind2=" " tag="260"><subfield code="a">Skokie, Ill. :</subfield><subfield code="b">Louis A. Lerner,</subfield><subfield code="c">1967-[19--?]</subfield></datafield><datafield ind1=" " ind2=" " tag="300"><subfield code="a">v.</subfield></datafield><datafield ind1=" " ind2=" " tag="310"><subfield code="a">Weekly</subfield></datafield><datafield ind1="0" ind2=" " tag="362"><subfield code="a">Vol. 20, no. 33 (Apr. 6, 1967)-</subfield></datafield><datafield ind1=" " ind2=" " tag="588"><subfield code="a">Latest issue consulted: June 21, 1979.</subfield></datafield><datafield ind1=" " ind2=" " tag="580"><subfield code="a">Merged with: Niles life, to form: Morton Grove Niles life.</subfield></datafield><datafield ind1=" " ind2="0" tag="651"><subfield code="a">Morton Grove (Ill.)</subfield><subfield code="v">Newspapers.</subfield></datafield><datafield ind1=" " ind2="7" tag="651"><subfield code="a">Illinois</subfield><subfield code="z">Morton Grove.</subfield><subfield code="2">fast</subfield><subfield code="0">(OCoLC)fst01217904</subfield></datafield><datafield ind1=" " ind2="7" tag="655"><subfield code="a">Newspapers.</subfield><subfield code="2">fast</subfield><subfield code="0">(OCoLC)fst01423814</subfield></datafield><datafield ind1=" " ind2=" " tag="752"><subfield code="a">United States</subfield><subfield code="b">Illinois</subfield><subfield code="c">Cook</subfield><subfield code="d">Skokie.</subfield></datafield><datafield ind1="0" ind2="0" tag="780"><subfield code="t">Life (Skokie, Ill. : Morton Grove ed.)</subfield><subfield code="w">(DLC)sn 94054628</subfield><subfield code="w">(OCoLC)29842961</subfield></datafield><datafield ind1="1" ind2="7" tag="785"><subfield code="t">Niles life</subfield><subfield code="w">(DLC)sn 79000544</subfield><subfield code="w">(OCoLC)5062554</subfield></datafield><datafield ind1="1" ind2="7" tag="785"><subfield code="t">Morton Grove Niles life</subfield><subfield code="w">(DLC)sn 96070028</subfield><subfield code="w">(OCoLC)35299173</subfield></datafield></record>